Note comments don't use % character; anything outside an (AT){...} is a comment

@STRING{ prl = "Phys. Rev. Lett." }
@STRING{ epl = "Europhys. Lett." }
@STRING{ pra = "Phys. Rev. A" }
@STRING{ prb = "Phys. Rev. B" }
@STRING{ prc = "Phys. Rev. C" }
@STRING{ prd = "Phys. Rev. D" }
@STRING{ pre = "Phys. Rev. E" }
@STRING{ jpa = "J. Phys. A" }
@STRING{ jpb = "J. Phys. B" }
@STRING{ jpc = "J. Phys. C" }
@STRING{ pa  = "Physica A" }
@STRING{ pb  = "Physica B" }
@STRING{ pc  = "Physica C" }
@STRING{ pd  = "Physica D" }
@STRING{ npa = "Nucl. Phys. A" }
@STRING{ npb = "Nucl. Phys. B" }
@STRING{ revmod = "Rev. Mod. Phys." }
@STRING{ prep   = "Phys. Rep." }
@STRING{ proy   = "Proc. R. Soc. Lond. A" }
@STRING{ anphys = "Ann. Phys." }
@STRING{ jmp  = "J. Math. Phys." }
@STRING{ jchem  = "J. Chem. Phys." }
@STRING{ jpchem = "J. Phys. Chem." }
@STRING{ plett  = "Phys. Lett." }
@STRING{ nonlin = "Nonlinearity" }
@STRING{ commun = "Commun. Math. Phys." }
@STRING{ cpam = "Comm. Pure Appl. Math." }
@STRING{ cpc = "Comput. Phys. Commun." }
@STRING{ ccp = "Commun. Comput. Phys."}
@STRING{ jcp = "J. Comput. Phys." }
@STRING{ sirev = "SIAM Review" }
@STRING{ sinum = "SIAM J. Numer. Anal." }
@STRING{ sisc = "SIAM J. Sci. Comput." }
@STRING{ oe = "Opt. Express" }
@STRING{ ao = "Appl. Optics" }
@STRING{ mmas = "Math. Meth. Appl. Sci." }
@STRING{ bit = "BIT Numer. Math." }
@STRING{ ieeetap = "IEEE Trans. Antennas Propag." }
@STRING{ toms = "ACM Trans. Math. Software" }
@STRING{ josaa = "J. Opt. Soc. Am. A" }
@STRING{ jasa = "J. Acoust. Soc. Am." }
@STRING{ camwa = "Comput. Math. with Appl." }
@STRING{ zamp = "Z. Angew. Math. Phys." }
@STRING{ etna = "Electron. Trans. Numer. Anal." }
@string{jnm = "J. Neurosci. Methods"}
@string{acom = "Adv. Comput. Math."}
@string{eabe= "Eng.\ Anal.\ Bound.\ Elem."}
% see: http://images.webofknowledge.com/WOK46/help/WOS/A_abrvjt.html


@article{mobility,
title={Integral equation methods for elastance and mobility problems in two dimensions},
year=2016,
author={Rachh, M and Greengard, L},
journal=sinum,
volume=54,
number=5,
pages={2889--2909}
}

@article{acper,
title={Efficient numerical solution of acoustic scattering from doubly-periodic 
arrays of axisymmetric objects},
author={Liu, Y and Barnett, A H},
year=2016,
journal=jcp,
volume=324,
pages={226--245}
}
%doi:10.1016/j.jcp.2016.08.011.           arxiv:1506.05083 

@article{qfs,
  title={Quadrature by fundamental solutions: kernel-independent layer potential evaluation for large collections of simple objects},
  author={Stein, David B and Barnett, Alex H},
  journal=acom,
  volume={48},
  number={5},
  pages={60},
  year={2022},
  doi={10.1007/s10444-022-09971-1},
}

@article{sphdesign,
author={Delsarte, P. and Goethals, J.M. and Seidel, J.J.},
title={Spherical codes and designs},
journal={Geom. Dedicata},
volume=6,
pages={363--388},
year=1977,
doi={10.1007/BF03187604},
}
